% copy citation from scholar.google.com
% or generate using e.g. https://truben.no/latex/bibtex
@INBOOK {,
    author    = "Mammarella, James",
    title     = "Encyclopedia of transportation: Social science and policy",
    chapter   = "Airport Hubs",
    publisher = "SAGE Publications",
    year      = "2014"
}
@article{mccollum2010greenhouse,
  title={Greenhouse gas emissions from aviation and marine transportation: Mitigation potential and policies},
  author={McCollum, David L and Gould, Gregory and Greene, David L},
  year={2010}
}
@article{o1987quadratic,
  title={A quadratic integer program for the location of interacting hub facilities},
  author={O'kelly, Morton E},
  journal={European journal of operational research},
  volume={32},
  number={3},
  pages={393--404},
  year={1987},
  publisher={Elsevier}
}
@article{bryan1999hub,
  title={Hub-and-spoke networks in air transportation: an analytical review},
  author={Bryan, Deborah L and O'Kelly, Morton E},
  journal={Journal of regional science},
  volume={39},
  number={2},
  pages={275--295},
  year={1999},
  publisher={Wiley Online Library}
}
